@string{kpmessage="put your bibs here"}

@InProceedings{conf/lpar/AspinallDL12,
  title =	"A Semantic Basis for Proof Queries and Transformations",
  author =	"D. Aspinall and E. Denney and C. L{\"u}th",
  booktitle =	"Logic for Programming, Artificial Intelligence, and Reasoning",
  publisher =	"Springer",
  year = 	"2012",
  editor =	"N. Bj{\o}rner and A. Voronkov",
  pages =	"92--106",
}

@incollection{paulson700,
  author	= {Lawrence C. Paulson},
  title		= {{Isabelle}: The Next 700 Theorem Provers},
  editor	= {P. Odifreddi},
  booktitle	= {Logic and Computer Science},
  publisher	= {Academic Press},
  year		= 1990,
  pages		= {361-386},
  ee        = {http://arxiv.org/abs/cs.LO/9301106}}

@Misc{Wenzel:2018:PIDE,
  author = {Makarius Wenzel},
  title = {Isabelle/PIDE after 10 years of development},
  howpublished = {Presented at the UITP workshop: User Interfaces for Theorem Provers},
  month = {Jul},
  year = {2018},
  note = {\url{https://sketis.net/wp-content/uploads/2018/08/isabelle-pide-uitp2018.pdf}}
}

@Misc{Wenzel:2018:MMT,
  author = {Makarius Wenzel},
  title = {Isabelle/MMT: export of Isabelle theories and import as OMDoc content},
  howpublished = {Blog entry},
  month = {Nov},
  year = {2018},
  note = {\url{https://sketis.net/2018/isabelle-mmt-export-of-isabelle-theories-and-import-as-omdoc-content}},
}

@article{DBLP:journals/mics/GuidiC16,
  author    = {Ferruccio Guidi and
               Claudio Sacerdoti Coen},
  title     = {A Survey on Retrieval of Mathematical Knowledge},
  journal   = {Mathematics in Computer Science},
  volume    = {10},
  number    = {4},
  pages     = {409--427},
  year      = {2016},
  url       = {https://doi.org/10.1007/s11786-016-0274-0},
  doi       = {10.1007/s11786-016-0274-0},
  timestamp = {Wed, 14 Jun 2017 20:38:25 +0200},
  biburl    = {https://dblp.org/rec/bib/journals/mics/GuidiC16},
  bibsource = {dblp computer science bibliography, https://dblp.org}
}

@online{MATLAB:on,
  label = {MLB},
  title = {MATLAB},
  url = {https://www.mathworks.com/products/matlab.html},
  urldate = {2019-01-25}}

@online{MUMPS:on,
  label = {MPS},
  title = {MUltifrontal Massively Parallel sparse direct Solver},
  url = {http://mumps.enseeiht.fr/},
  urldate = {2019-01-25}}

@online{LAPACK:on,
  label = {LPK},
  title = {LAPACK — Linear Algebra PACKage},
  url = {https://www.netlib.org/lapack/},
  urldate = {2019-01-25}}

@online{SNOMEDCT:on,
  label = {SCT},
  title = {SNOMED Clinical Terms},
  url = {https://bioportal.bioontology.org/ontologies/SNOMEDCT},
  urldate = {2019-01-25}}

@online{OBI:on,
  label = {OBI},
  title = {Ontology for Biomedical Investigations},
  url = {http://obi-ontology.org/},
  urldate = {2019-01-25}}

@online{SUMO:on,
  label = {SUMO},
  title = {Suggested Upper Merged Ontology},
  url = {http://www.adampease.org/OP/},
  urldate = {2019-01-25}}

@online{SageDB:on,
  label = {SDB},
  title = {SageMath Databases},
  url = {http://doc.sagemath.org/html/en/reference/databases/index.html},
  urldate = {2019-01-25}}

@online{MathWebSearch:on,
  label = {MWS},
  title = {MathWebSearch},
  url = {https://zbmath.org/formulae/},
  urldate = {2019-01-25}}

@online{RADAR:on,
  label = {RR},
  title = {RADAR},
  url = {https://www.radar-service.eu},
  urldate = {2019-01-25}}

@online{WanlessData:on,
  author = {Ian Wanless},
  title = {Combinatorial Data},
  url = {http://users.monash.edu.au/~iwanless/data/},
  urldate = {2019-01-25}}

@online{RoyleData:on,
  author = {Gordon Royle},
  title = {Combinatorial Catalogues},
  url = {http://staffhome.ecm.uwa.edu.au/~00013890/data.html},
  urldate = {2019-01-25}}

@online{McKayData:on,
  author = {Brendan McKay},
  title = {Combinatorial Data},
  url = {http://users.cecs.anu.edu.au/~bdm/data/},
  urldate = {2019-01-25}}

@online{gender-gap-science:on,
  label = {GGS},
  title = {Gender Gap in Science},
  url = {https://gender-gap-in-science.org/},
  urldate = {2019-02-24}}

@online{OPenNDAP:on,
  label = {ODAP},
  title = {{OPenNDAP} - Advanced Software for Remote Data Retrieval},
  url = {https://opendap.org/},
  urldate = {2019-01-25}}

@online{datacarpentry:on,
  label = {DC},
  url = {https://datacarpentry.org/},
  urldate = {2019-01-25},
  title = {Data Carpentry -- Building Communities Teaching Universal Data Literacy}}

@online{LeeLat:on,
  label = {AG},
  author = {Dimitri Leemans},
  title = {An atlas of subgroup lattices of finite almost simple groups},
  url = {http://homepages.ulb.ac.be/~dleemans/atlaslat/},
  urldate = {2019-01-25}}

@online{MalLat:on,
  label = {UL},
  author = {Martin Malandro},
  title = {Unlabeled lattices on $<=15$ nodes},
  url = {https://b2share.eudat.eu/records/dbb096da4e364b5e9e37b982431f41de},
  urldate = {2019-01-25}}

@online{KohLat:on,
  label = {FL},
  author = {Jukka Kohonen},
  title = {Lists of finite lattices (modular, semimodular, graded and geometric)},
  url = {https://www.shsu.edu/mem037/Lattices.html},
  urldate = {2019-01-25}}

@online{VidDZsage:on,
  label = {DZ},
  author = {Jano\v{s} Vidali},
  title = {DiscreteZOO SageMath package},
  url = {https://github.com/DiscreteZOO/DiscreteZOO-sage},
  urldate = {2019-01-24}}

@online{BerDZweb:on,
  label = {DZ},
  author = {Katja Ber\v{c}i\v{c}},
  title = {DiscreteZOO website},
  url = {https://discretezoo.xyz},
  urldate = {2019-01-24}}

@article{BatCer:Zentralblatt15,
  author    = {Monika Cerin\v{s}ek and
               Vladimir Batagelj},
  title     = {Network analysis of Zentralblatt {MATH} data},
  journal   = {Scientometrics},
  volume    = {102},
  number    = {1},
  pages     = {977--1001},
  year      = {2015},
  url       = {https://doi.org/10.1007/s11192-014-1419-z},
  doi       = {10.1007/s11192-014-1419-z},
  timestamp = {Sun, 28 May 2017 13:17:16 +0200},
  biburl    = {https://dblp.org/rec/bib/journals/scientometrics/CerinsekB15},
  bibsource = {dblp computer science bibliography, https://dblp.org}
}

@article {PotSpiVer:stabilisers14,
    AUTHOR = {Poto\v{c}nik, Primo\v{z} and Spiga, Pablo and Verret, Gabriel},
     TITLE = {On the order of arc-stabilisers in arc-transitive graphs with
              prescribed local group},
   JOURNAL = {Trans. Amer. Math. Soc.},
  FJOURNAL = {Transactions of the American Mathematical Society},
    VOLUME = {366},
      YEAR = {2014},
    NUMBER = {7},
     PAGES = {3729--3745},
      ISSN = {0002-9947},
   MRCLASS = {20B25 (05C25 05E18)},
  MRNUMBER = {3192615},
MRREVIEWER = {Robert F. Bailey},
       DOI = {10.1090/S0002-9947-2014-05992-8},
       URL = {https://doi.org/10.1090/S0002-9947-2014-05992-8},
}

@article {PotSpiVer:4HAT-ATD2-15,
    AUTHOR = {Poto\v{c}nik, Primo\v{z} and Spiga, Pablo and Verret, Gabriel},
     TITLE = {A census of 4-valent half-arc-transitive graphs and
              arc-transitive digraphs of valence two},
   JOURNAL = {Ars Math. Contemp.},
  FJOURNAL = {Ars Mathematica Contemporanea},
    VOLUME = {8},
      YEAR = {2015},
    NUMBER = {1},
     PAGES = {133--148},
      ISSN = {1855-3966},
   MRCLASS = {05E18 (20B25)},
  MRNUMBER = {3281125},
MRREVIEWER = {Wei Jin},
}

@article {Pot:2AT09,
    AUTHOR = {Poto\v{c}nik, Primo\v{z}},
     TITLE = {A list of 4-valent 2-arc-transitive graphs and finite faithful
              amalgams of index {$(4,2)$}},
   JOURNAL = {European J. Combin.},
  FJOURNAL = {European Journal of Combinatorics},
    VOLUME = {30},
      YEAR = {2009},
    NUMBER = {5},
     PAGES = {1323--1336},
      ISSN = {0195-6698},
   MRCLASS = {05C25},
  MRNUMBER = {2514656},
MRREVIEWER = {Yan-Quan Feng},
       DOI = {10.1016/j.ejc.2008.10.001},
       URL = {https://doi.org/10.1016/j.ejc.2008.10.001},
}

@article {ConMalMarPot:ssym06,
    AUTHOR = {Conder, Marston and Malni\v{c}, Aleksander and Maru\v{s}i\v{c}, Dragan and
              Poto\v{c}nik, Primo\v{z}},
     TITLE = {A census of semisymmetric cubic graphs on up to 768 vertices},
   JOURNAL = {J. Algebraic Combin.},
  FJOURNAL = {Journal of Algebraic Combinatorics. An International Journal},
    VOLUME = {23},
      YEAR = {2006},
    NUMBER = {3},
     PAGES = {255--294},
      ISSN = {0925-9899},
   MRCLASS = {05C25},
  MRNUMBER = {2228929},
MRREVIEWER = {Robert Jajcay},
       DOI = {10.1007/s10801-006-7397-3},
       URL = {https://doi.org/10.1007/s10801-006-7397-3},
}

@online{EncyclopediaOfGraphs:on,
  label = {EG},
  title = {Encyclopedia of Graphs},
  url = {http://atlas.gregas.eu},
  urldate = {2019-01-24}}

@online{GReGAS:on,
  label = {GG},
  title = {GReGAS, Geometric representations and symmetries of graphs, maps and other discrete structures and applications in science},
  url = {http://www.gregas.eu/},
  urldate = {2019-01-24}}

@online{HartleyPolytopes:on,
  label = {AP},
  author = {Michael Hartley},
  title = {Abstract Polytopes},
  url = {http://www.abstract-polytopes.com/atlas/index.html},
  urldate = {2019-01-23}}

@online{LeemansPolytopes:on,
  label = {AAP},
  author = {Dimitri Leemans},
  title = {Atlases of Abstract Polytopes},
  url = {http://homepages.ulb.ac.be/~dleemans/resources.html},
  urldate = {2019-01-23}}

@online{WilsonET:on,
  label = {EET},
  author = {Steve Wilson and Primo\v{z} Poto\v{c}nik},
  title = {A Census of edge-transitive tetravalent graphs},
  url = {https://jan.ucc.nau.edu/~swilson/C4FullSite/index.html},
  urldate = {2019-01-23}}

@online{RoyleVT:on,
  label = {TG},
  author = {Brendan McKay and Gordon Royle and Alexander Hulpke},
  title = {Transitive Graphs},
  url = {http://staffhome.ecm.uwa.edu.au/~00013890/remote/trans/index.html},
  urldate = {2019-01-23}}

@online{ConderCensuses:on,
  label = {CO},
  author = {Marston Conder},
  title = {Lists of regular maps, hypermaps and polytopes, trivalent symmetric graphs, and surface actions},
  url = {https://www.math.auckland.ac.nz/~conder/},
  urldate = {2019-01-23}}

@online{PotocnikCensuses:on,
  label = {CO},
  author = {Primo\v{z} Poto\v{c}nik},
  title = {Lists of graphs of a prescribed symmetry type and valence, and some other combinatorial and algebraic structures},
  url = {https://www.fmf.uni-lj.si/~potocnik/work.htm},
  urldate = {2019-01-23}}

@article{BenMeh:sslsct99,
 author = {P. Benner and V. Mehrmann and V. Sima and S. {Van Huffel} and A. Varga},
  title = {{SLICOT} -- A Subroutine Library in Systems and Control Theory},
  journal = {Applied and Computational Control, Signals and Circuits},
  volume= {1},
  pages = {499--532},
  year = {1999}}
  
@article {FKL14,
    AUTHOR = {Farmer, David W. and Koutsoliotas, Sally and Lemurell, Stefan},
     TITLE = {Maass forms on {${\rm GL}(3)$} and {${\rm GL}(4)$}},
   JOURNAL = {Int. Math. Res. Not. IMRN},
  FJOURNAL = {International Mathematics Research Notices. IMRN},
      YEAR = {2014},
    NUMBER = {22},
     PAGES = {6276--6301},
      ISSN = {1073-7928},
       DOI = {10.1093/imrn/rnt145},
       URL = {https://doi.org/10.1093/imrn/rnt145},
}

@article{FKL19,
title = "Varieties via their L-functions",
journal = "Journal of Number Theory",
volume = "196",
pages = "364 - 380",
year = "2019",
issn = "0022-314X",
doi = "https://doi.org/10.1016/j.jnt.2018.01.019",
url = "http://www.sciencedirect.com/science/article/pii/S0022314X18300490",
author = "David W. Farmer and Sally Koutsoliotas and Stefan Lemurell",
keywords = "L-function, Functional equation, Hasse–Weil L-function, Degree 4",
}

@article {BCFFKLRY,
    AUTHOR = {Bober, Jonathan and Conrey, J. Brian and Farmer, David W. and
              Fujii, Akio and Koutsoliotas, Sally and Lemurell, Stefan and
              Rubinstein, Michael and Yoshida, Hiroyuki},
     TITLE = {The highest lowest zero of general {$L$}-functions},
   JOURNAL = {J. Number Theory},
  FJOURNAL = {Journal of Number Theory},
    VOLUME = {147},
      YEAR = {2015},
     PAGES = {364--373},
      ISSN = {0022-314X},
       DOI = {10.1016/j.jnt.2014.07.023},
       URL = {https://doi.org/10.1016/j.jnt.2014.07.023},
}

@article {PotSpiVer:CVT13,
    AUTHOR = {Poto\v{c}nik, Primo\v{z} and Spiga, Pablo and Verret, Gabriel},
     TITLE = {Cubic vertex-transitive graphs on up to 1280 vertices},
   JOURNAL = {J. Symbolic Comput.},
  FJOURNAL = {Journal of Symbolic Computation},
    VOLUME = {50},
      YEAR = {2013},
     PAGES = {465--477},
      ISSN = {0747-7171},
   MRCLASS = {05C25 (05C07)},
  MRNUMBER = {2996891},
MRREVIEWER = {Aleksander Malni\v{c}},
       DOI = {10.1016/j.jsc.2012.09.002},
       URL = {https://doi.org/10.1016/j.jsc.2012.09.002},
}

@article{HarmanTiller09,
author = {Harman, Peter and Tiller, Michael},
booktitle = {Proceedings of the 7th International Modelica Conference; Como; Italy; 20-22 September 2009},
number = {43},
pages = {631-636},
publisher = {Link {\"o}ping University Electronic Press; Link{\"o}pings universitet},
title = {Building Modelica Tools using the Modelica SDK},
year = {2009},
issn = {1650-3740},
url = {http://www.ep.liu.se/ecp/article.asp?issue=043&article=072&volume=#}
}

@article{HarmanTiller14,
author = {Tiller, Michael and Harman, Peter},
booktitle = {Proceedings of the 10th International Modelica Conference; March 10-12; 2014; Lund; Sweden},
number = {96},
pages = {1081-1093},
publisher = {Link{\"o}ping University Electronic Press; Link{\"o}pings universitet},
title = {recon -- Web and network friendly simulation data formats},
year = {2014},
issn = {1650-3740},
url = {http://www.ep.liu.se/ecp/article.asp?issue=096&article=113&volume=#}
}

@article{Tiller03,
author = {Tiller, Michael},
booktitle = {Modelica 2003},
title = {Parsing and Semantic Analysis of Modelica Code for NonSimulation Applications},
year = {2003},
url = {https://modelica.org/events/Conference2003/papers/h31_parser_Tiller.pdf}
}

@article{TillerWinkler14,
author = {Tiller, Michael and Winkler, Dietmar},
booktitle = {Proceedings of the 10th International Modelica Conference; March 10-12; 2014; Lund; Sweden},
number = {96},
pages = {543-548},
publisher = {Link{\"o}ping University Electronic Press; Link{\"o}pings universitet},
title = {impact -- A Modelicaandreg; Package Manager},
year = {2014},
issn = {1650-3740},
url = {http://www.ep.liu.se/ecp/article.asp?issue=096&article=057&volume=#}
}

@article{TillerWinkler15,
author = {Tiller, Michael and Winkler, Dietmar},
booktitle = {Proceedings of the 11th International Modelica Conference, Versailles, France, September 21-23, 2015},
number = {118},
pages = {725-736},
publisher = {Link{\"o}ping University Electronic Press, Link{\"o}pings universitet},
title = {Where impact got Going},
year = {2015},
issn = {1650-3740},
url = {http://www.ep.liu.se/ecp/article.asp?issue=118&article=078&volume=#}
}

@article{Harman11,
author = {Harman, Peter},
booktitle = {Proceedings of the 8th International Modelica Conference; March 20th-22nd; Technical Univeristy; Dresden; Germany},
number = {63},
pages = {650-656},
publisher = {Link{\"o}ping University Electronic Press; Link{\"o}pings universitet},
title = {Effective Version Control of Modelica Models},
year = {2011},
issn = {1650-3740},
url = {http://www.ep.liu.se/ecp/article.asp?issue=063&article=072&volume=#}
}

@article{Harman13,
author = {Harman, Peter},
title = {Symbolic Application of the Pryce Sigma-Method for Index Reduction of DAEs in CyModelica},
year = {2013}
}

@inproceedings{VI06,
author = {Mike Dempsey and Magnus G{\"a}fvert and Peter Harman and Christian Kral and Martin Otter and Peter Treffinger},
title = {Coordinated automotive libraries for vehicle system modelling},
booktitle = {Modelica 2006},
year = {2006},
url = {https://www.modelica.org/events/modelica2006/Proceedings/sessions/Session1b2.pdf}
}

@InProceedings{CD2018,
    Author = {Hagen {Chrapary} and Wolfgang {Dalitz}},
    Title = {Software products, software versions, archiving of software, and {swMATH}},
    Pages = {123--127},
    Language = {English},
    crossref = {ICMS18},
    DOI = {10.1007/978-3-319-96418-8_15},
}
@InCollection{MT2016,
    Author = {Fabian {M\"uller} and Olaf {Teschke}},
    crossref = {CICM16},
    Pages = {63--74},
    Year = {2016},
    DOI = {10.1007/978-3-319-42547-4_5},
    Language = {English},
}

@InCollection{CS2017,
    Author = {Joe {Corneli} and Moritz {Schubotz}},
    Title = {math.wikipedia.org: A vision for a collaborative semi-formal, language independent math(s) encyclopedia},
    BookTitle = {AITP 2017. The Second Conference on Artificial Intelligence and Theorem Proving},
    Pages = {28--31},
    Year = {2017},
    Language = {English},
}

@InCollection{BRS2012,
    Author = {Armand {Brahaj} and Matthias {Razum} and Frank {Schwichtenberg}},
    Title = {Ontological formalization of scientific experiments based on core scientific metadata model},
    BookTitle = {Theory and Practice of Digital Libraries. Second International Conference, TPDL 2012},
    Pages = {273--297},
    Year = {2012},
    Publisher = {Springer Berlin Heidelberg},
    DOI = {10.1007/978-3-642-33290-6_29},
    Language = {English},
}

@Article{KRPPELvdBF2016,
    Author = {Angelina {Kraft} and Matthias {Razum} and Jan {Potthoff} and Andrea {Porzel} and Thomas {Engel} and Frank {Lange} and Karina {Van den Broek} and Filipe {Furtado}},
    Title = {The {RADAR} project -- a service for research data archival and publication},
    Journal = {{ISPRS} International Journal of Geo-Information},
    Volume = {5},
    Year = {2016},
    Number = {3},
    Article-Number = {28},
    URL = {http://www.mdpi.com/2220-9964/5/3/28},
    ISSN = {2220-9964},
    DOI = {10.3390/ijgi5030028}
}


@article{BenMSVV99,
author = {P. Benner and V. Mehrmann and V. Sima and S. {Van Huffel} and A. Varga},
title = {SLICOT-A Subroutine Library in Systems and Control Theory},
journal = {Applied and Computational Control, Signals and Circuits},
volume = {1},
pages = {499--532},
year = {1999}}

@incollection{CamKM12,
author = {S.L. Campbell and P. Kunkel and V. Mehrmann},
title = {Regularization of linear and nonlinear descriptor systems},
booktitle = {Control and Optimization with Differential-Algebraic Constraints},
editor = {L.T. Biegler and S.L. Campbell and V. Mehrmann},
publisher = {SIAM, Society of Industrial and Applied Mathematics},
year = {2012},
pages = {17--34}}

@collection{CamIMR19,
editor = {S.L. Campbell and A. Ilchmann and V. Mehrmann and T. Reis},
title =  {Applications of Differential-Algebraic Equations: Examples and Benchmarks},
series = {DAE Forum},
publisher = {Springer Verlag, Heidelberg},
year = {2019}}

@Book{SageBook,
  author = 	 {Alexandre Casamayou and Nathann Cohen and Guillaume Connan and Thierry Dumont and Laurent Fousse and Fran\c{c}ois Maltey and Matthias Meulien and Marc Mezzarobba and Cl\'ement Pernet and Nicolas M. Thi\'ery and Paul Zimmermann},
  title = 	 {{C}alcul {M}ath\'ematique avec {S}age},
  publisher = 	 {CreateSpace Independent Publishing Platform},
  year = 	 2013,
  pages =        {xii+455},
  ISBN = 	 {978-1481191043},
  url = {http://sagebook.gforge.inria.fr/},
  note = {The first of its kind comprehensive introduction to computational mathematics in Sage for education; English translation published in 2018 by SIAM.}
}

@article{AyyerSchillingThiery.2014.SpectralGap,
  title={Spectral gap for random-to-random shuffling on linear extensions },
  author={Ayyer, Arvind and Schilling, Anne and Thi\'ery, Nicolas M.},
  journal={Experimental Mathematics},
  note={arXiv:1412.7488},
  DOI={http://dx.doi.org/10.1080/10586458.2015.1107868},
  year={2016},
  month={7},
  pages={1-9},
  free_e_print={http://www.tandfonline.com/eprint/ZXbbWH2py6DZb4bUJUNs/full},
}

@collection{GroLM10,
editor = {M. Gr\"otschel and K. Lucas and   V. Mehrmann},
title = {Production Factor Mathematics},
publisher = {acatech and Springer Verlag},
year = {2010}}

@book{KunM06,
author = {P. Kunkel and V. Mehrmann},
title = {Differential-Algebraic Equations --- Analysis and Numerical Solution},
publisher = {EMS Publishing House, Z{\"u}rich, Switzerland},
year = {2006}} 

@online{Dymola:on,
  label = {DA},
  title = {Dymola},
  url = {https://www.3ds.com/products-services/catia/products/dymola},
  urldate = {2019-01-25}}

@article{FORCE11SCWG,
 title = {Software citation principles},
 author = {Arfon M. {Smith}  and Daniel S. {Katz} and Kyle E. {Niemeyer} and {FORCE11 Software Citation Working Group}},
 year = 2016,
 month = sep,
 keywords = {Software citation, Software credit, Attribution},
 volume = 2,
 pages = {e86},
 journal = {PeerJ Computer Science},
 issn = {2376--5992},
 url = {https://doi.org/10.7717/peerj-cs.86},
 doi = {10.7717/peerj-cs.86}
}

@article{MathQA,
author = {Moritz {Schubotz} and Philipp {Scharpf} and Kaushal {Dudhat} and Yash {Nagar} and Felix {Hamborg} and Bela {Gipp}},
title = {Introducing MathQA: a Math-Aware question answering system},
journal = {Information Discovery and Delivery},
ISSN = {2398-6247},
volume = {46},
number = {4},
pages = {214--224},
year = {2018},
doi = {10.1108/IDD-06-2018-0022}}

@online{MO:on,
   label = {MO},
   title = {MathOverflow},
   url = {https://mathoverflow.net/},
   urldate = {2019-01-29}}

