% add local bibs here
@misc{lmfdbapi,
  title = {LMFDB - API},
  howpublished = {\url{http://www.lmfdb.org/api/}},
  note = {visited on: 09/17/2017},
  key = {lmapi}
}