@misc{lmfdb,
  shorthand    = {LMFDB},
  author       = {The {LMFDB Collaboration}},
  title        =  {The L-functions and Modular Forms Database},
  howpublished = {\url{http://www.lmfdb.org}},
  year         = {2016},
  note         = {Online; accessed 27 August 2016]}
}
