

@article{15PonsSMC,
	Author = {Pons, V.},
	Title = {Enseigner avec SageMathCloud : retour sur expérience},
	Journal = {PyConFr},
	Note = {Conference talk, \url{http://www.pycon.fr/2015/schedule/presentation/16/}},
	year = {2015}
}

@article{16FangohrOOMMF,
	Author = {Fangohr, H. and Pepper, R. and Beg, M.},
	Title = {OOMMF Python interface and Jupyter integration: the JOOMMF project},
	Journal = {international Joint Magnetism and Magnetic Materials and Intermag conference},
	Note = {Conference talk, \url{http://joommf.github.io/assets/2016-01-12-MMM2016-AD02-Jupyter-OOMMF.pdf}},
	year = {2016}
}

@article{16FangohrSE4Science,
	Author = {Fangohr, H. and others},
	Title = {Maximilian Albert and Matteo Franchin Nmag micromagnetic simula-
tion tool - software engineering lessons learned},
	Journal = {Proceedings of the International Workshop on
Software Engineering for Science, at ICSE2016 SE4Science ’16, Austin, Texas, US},
	Note = {Associated presentation, slides as PDF \url{http://www.southampton.ac.uk/~fangohr/publications/talk/2016-05-16-ICSE-SE4Science-Austin-Texas-US.pdf}},
	pages = {1-7},
	year = {2016}
}

@misc{16PonsECCO,
	Author = {Pons, V},
	Title = {An Inclusive Maths Conference: ECCO 2016},
	Journal = {AMS Blog, On Teaching and Learning Mathematics},
	Note = {\url{http://blogs.ams.org/matheducation/2016/08/22/an-inclusive-maths-conference-ecco-2016/}}

}
