% put bibTeX here
@inproceedings{KohProHam:ntcir11,
  title = {MathWebSearch at NTCIR-11},
  author = {Michael Kohlhase, Corneliu Prodescu, Radu Hambasan},
  url = {http://research.nii.ac.jp/ntcir/workshop/OnlineProceedings11/pdf/NTCIR/Math-2/05-NTCIR11-MATH-HambasanR.pdf},
  year  = {2014}}

@mastersthesis{Ham:bcs15,
  title = {Faceted Search for Mathematics},
  author = {Radu Hambasan, Michael Kohlhase},
  school =   {Jacobs University Bremen},
  year =     2015,
  type =     {B.\,Sc.\ Thesis}}
  
@electronic{Elastic,
  title = "Elastic Search",
  url = "http://www.elasticsearch.org/",
  note = "Accessed: June 05, 2016"
}

@electronic{MWSH,
  title = "MWS Harvest",
  url = "https://trac.mathweb.org/MWS/wiki/MwsHarvest",
  note = "Accessed: June 02, 2016"
}

@electronic{ArXiv,
  title = "ArXiv Online",
  url = "http://arxiv.org",
  note = "Accessed: June 03, 2016"
}
