% add local bibs here
@online{MitM-PoC,
  label = {MPoC},
  title = {MitM Proof of Concept},
  url = {https://github.com/vv20/mitm_proof_of_concept}}


