% put the references that are not in ../../lib/kbibs/kwarc.bib here. 
