%% put the new stuff there

@online{jupyter-project:on,
  label = {Jup},
  title = {Project Jupyter},
  url = {http://www.jupyter.org}}

@online{jupyter-doc:on,
  label = {JupDoc},
  title = {What is Jupyter},
  url = {http://jupyter-notebook-beginner-guide.readthedocs.org/en/latest/what_is_jupyter.html}}

@online{jupyter-notebook:on,
  label = {JupNotebook},
  title = {Jupyter Notebook},
  url = {http://jupyter-notebook.readthedocs.org/en/latest/notebook.html#notebook-documents}}

@online{jupyter-git:on,
  label = {JupGit},
  title = {Git Repository Jupyter},
  url = {https://github.com/jupyter}}

@online{ipython:on,
  label = {IPh},
  title = {IPython},
  url = {http://jupyter.cs.brynmawr.edu/hub/dblank/public/Jupyter%20Notebook%20Users%20Manual.ipynb}}

@online{juplit:on,
  label = {JupLit},
  title = {Jupyter Notebook Practice},
  url = {http://www.svds.com/jupyter-notebook-best-practices-for-data-science}}

@online{ipython-wikipedia:on,
  label = {WikiIPh},
  title = {IPython Wikipedia},
  url = {https://en.wikipedia.org/wiki/IPython}}


