@MANUAL{Jupyter messaging,
   TITLE        = "Jupyter messaging",
  HOWPUBLISHED = "Website",
  NOTE         = "available on
                  \url{http://jupyter-client.readthedocs.io/en/latest/messaging.html};
                  visited on July 16.  2018."
}
@MANUAL{Jupyter documentation,
   TITLE        = "Jupyter documentation",
  HOWPUBLISHED = "Website",
  NOTE         = "available on
                  \url{http://jupyter.readthedocs.io/en/latest/};
                  visited on July 16.  2018."
}
@MANUAL{Py4J,
  TITLE        = "Py4J",
  HOWPUBLISHED = "Website",
  NOTE         = "available on
                  \url{https://www.py4j.org/};
                  visited on July 16.  2018."
}