@inproceedings{cilk,
 author = {Blumofe, Robert D. and Joerg, Christopher F. and Kuszmaul, Bradley C. and Leiserson, Charles E. and Randall, Keith H. and Zhou, Yuli},
 title = {Cilk: An Efficient Multithreaded Runtime System},
 booktitle = {Proceedings of the Fifth ACM SIGPLAN Symposium on Principles and Practice of Parallel Programming},
 series = {PPOPP '95},
 year = {1995},
 isbn = {0-89791-700-6},
 location = {Santa Barbara, California, USA},
 pages = {207--216},
 numpages = {10},
 url = {http://doi.acm.org/10.1145/209936.209958},
 doi = {10.1145/209936.209958},
 acmid = {209958},
 publisher = {ACM},
 address = {New York, NY, USA},
} 



@inproceedings{paladin,
 author = {Gautier, Thierry and Roch, Jean-Louis and Sultan, Ziad and Vialla, Bastien},
 title = {Parallel Algebraic Linear Algebra Dedicated Interface},
 booktitle = {Proceedings of the 2015 International Workshop on Parallel Symbolic Computation},
 series = {PASCO '15},
 year = {2015},
 isbn = {978-1-4503-3599-7},
 location = {Bath, United Kingdom},
 pages = {34--43},
 numpages = {10},
 url = {http://doi.acm.org/10.1145/2790282.2790286},
 doi = {10.1145/2790282.2790286},
 acmid = {2790286},
 publisher = {ACM},
 address = {New York, NY, USA},
 keywords = {cutting strategy, dataflow parallelism, domain specific language, shared memory parallelism},
} 

@inproceedings{xkaapi,
 author = {Gautier, Thierry and Lima, Joao V. F. and Maillard, Nicolas and Raffin, Bruno},
 title = {XKaapi: A Runtime System for Data-Flow Task Programming on Heterogeneous Architectures},
 booktitle = {Proceedings of the 2013 IEEE 27th International Symposium on Parallel and Distributed Processing},
 series = {IPDPS '13},
 year = {2013},
 isbn = {978-0-7695-4971-2},
 pages = {1299--1308},
 numpages = {10},
 url = {https://doi.org/10.1109/IPDPS.2013.66},
 doi = {10.1109/IPDPS.2013.66},
 acmid = {2511383},
 publisher = {IEEE Computer Society},
 address = {Washington, DC, USA},
 keywords = {High Performance Computing, Data-Flow task model, Heterogeneous architectures, Locality Aware Work Stealing, Dense Linear Algebra},
} 

@misc{openmp,
author="{OpenMP Architecture Review Board}",
title="{OpenMP} Application Program Interface version 5",
year=2018,
url={https://www.openmp.org/}
}

@misc{tbb,
title={Intel Threading Building Blocks},
author="{Intel Corporation}",
year=2008,
note={\url{https://www.threadingbuildingblocks.org/}},
}

@inproceedings{amdahl67,
author="Amdahl, Gene M.",
year=1967,
title="Validity of the Single Processor Approach to Achieving Large-Scale Computing Capabilities",
booktitle="AFIPS Conference Proceedings",
volume="30",
pages="483--485",
doi="10.1145/1465482.1465560",
}