@TechReport{ODK-D4.2,
  author = 	 {Michael Kohlhase},
  label = {D4.2},
  title = 	 {Active/Structured Documents Requirements and existing Solutions},
  institution =  {OpenDreamKit},
  year = 	 2016,
  type = 	 {Deliverable},
  url =          {https://github.com/OpenDreamKit/OpenDreamKit/raw/master/WP4/D4.1/report-final.pdf},
  number = 	 {D4.2}}


@TechReport{ODK-D5.1,
  label = {D5.1},
  author = 	 {Florent Hiver},
  title = 	 {Turn the Python prototypes for tree exploration into production code, integrate to Sage},
  institution =  {OpenDreamKit},
  year = 	 2016,
  type = 	 {Deliverable},
  url =          {https://github.com/OpenDreamKit/OpenDreamKit/blob/master/WP5/D5.1/report-final.pdf},
  number = 	 {D6.1}}

@TechReport{ODK-D6.1,
  label = {D6.1},
  author = 	 {Michael Kohlhase and Alexandru Glontaru},
  title = 	 {Full-text Search (Formulae + Keywords) over LaTeX-based Documents},
  institution =  {OpenDreamKit},
  year = 	 2016,
  type = 	 {Deliverable},
  url =          {https://github.com/OpenDreamKit/OpenDreamKit/raw/master/WP6/D6.1/report-final.pdf},
  number = 	 {D6.1}}

@TechReport{ODK-D6.2,
  label = {D6.2},
  author = 	 {Michael Kohlhase and Florian Rabe and Tom Wiesing and Paul-Olivier Dehaye and Dennis M{\"u}ller},
  title = 	 {Report on {OpenDreamKit} deliverables
D6.2: Initial D/K/S base Design (including base survey and Requirements Workshop Report) and 
D6.3:  Design of Triform (D/K/S) Theories (Specification/RNC Schema/Examples) and Implementation of Triform Theories in the MMT API},
  institution =  {OpenDreamKit},
  year = 	 2016,
  type = 	 {Deliverable},
  url =          {https://github.com/OpenDreamKit/OpenDreamKit/raw/master/WP6/D6.2/report-final.pdf},
  number = 	 {D6.2}}

@TechReport{ODK-D6.3,
  label = {D6.3},
  author = 	 {Michael Kohlhase and Florian Rabe and Tom Wiesing and Paul-Olivier Dehaye and Dennis M{\"u}ller},
  title = 	 {Report on {OpenDreamKit} deliverable D6.3:  Design of Triform (D/K/S) Theories (Specification/RNC Schema/Examples) and Implementation of Triform Theories in the MMT API},
  institution =  {OpenDreamKit},
  year = 	 2016,
  type = 	 {Deliverable},
  url =          {https://github.com/OpenDreamKit/OpenDreamKit/raw/master/WP6/D6.2/report-final.pdf},
  number = 	 {D6.2}}
