%% This bibtex file will contain all "OpenDreamKit publications", 
%% that is publications resulting from work (partially) funded by ODK

@inproceedings{DehKohKon:iop16,
  title = {Interoperability in the {OpenDreamKit} Project: The Math-in-the-Middle Approach},
  author = {Paul-Olivier Dehaye and Michael Kohlhase and Alexander Konovalov and Samuel Leli{\`e}vre and Markus Pfeiffer and Nicolas M. Thi{\'e}ry},
  url = {http://arxiv.org/abs/1603.06424},
  pubs = {mkohlhase},
  crossref = {CICM16}}

@proceedings{CICM16,
  editor = {Michael Kohlhase and Moa Johansson and Bruce Miller and Leonardo de Moura and Frank Tompa},
  venue = {Bialystok, Poland},
  eventdate = {2016-07-25/2015-07-29},
  eventtitle = {Conferences on Intelligent Computer Mathematics},
  title = {Intelligent Computer Mathematics},
  booktitle = {{Intelligent Computer Mathematics} 2016},
  key = {CICM16},
  label = {CICM16},
  keywords = {conference},
  publisher = {Springer},
  series    = {LNCS},
  number    = {9791},
  SOONisbn = {978-3-319-20615-8},
  year = 2016,
  pubs={mkohlhase}
}

@inproceedings{Pavlou:2016:MCI:2936924.2936934,
 author = {Pavlou, Chrystalla and Elkind, Edith},
 title = {Manipulating Citation Indices in a Social Context},
 booktitle = {Proceedings of the 2016 International Conference on Autonomous Agents \&\#38; Multiagent Systems},
 series = {AAMAS '16},
 year = {2016},
 isbn = {978-1-4503-4239-1},
 location = {Singapore, Singapore},
 pages = {32--40},
 numpages = {9},
 url = {http://dl.acm.org/citation.cfm?id=2936924.2936934},
 acmid = {2936934},
 publisher = {International Foundation for Autonomous Agents and Multiagent Systems},
 address = {Richland, SC},
 keywords = {g-index, h-index, i10-index, manipulation by merging},
}

@ARTICLE{2014arXiv1412.0514M,
   author = {{Mou}, G. and {Pasechnik}, D.},
    title = "{Edge-dominating cycles, k-walks and Hamilton prisms in $2K\_2$-free graphs}",
  journal = {ArXiv e-prints},
archivePrefix = "arXiv",
   eprint = {1412.0514},
 primaryClass = "math.CO",
 keywords = {Mathematics - Combinatorics},
     year = 2015,
    month = oct,
    note  = {accepted for publication in JKTR},
   adsurl = {http://adsabs.harvard.edu/abs/2014arXiv1412.0514M},
  adsnote = {Provided by the SAO/NASA Astrophysics Data System}
}

@ARTICLE{2015arXiv151103473P,
   author = {{Pasechnik}, D.~V.},
    title = "{An efficient sum of squares nonnegativity certificate for quaternary quartic}",
  journal = {ArXiv e-prints},
archivePrefix = "arXiv",
   eprint = {1511.03473},
 primaryClass = "math.AG",
 keywords = {Mathematics - Algebraic Geometry, Mathematics - Classical Analysis and ODEs, Mathematics - Optimization and Control},
     year = 2015,
    month = nov,
   adsurl = {http://adsabs.harvard.edu/abs/2015arXiv151103473P},
  adsnote = {Provided by the SAO/NASA Astrophysics Data System}
}

@ARTICLE{2016arXiv160100181C,
   author = {{Cohen}, N. and {Pasechnik}, D.~V.},
    title = "{Implementing Brouwer's database of strongly regular graphs}",
  journal = {ArXiv e-prints},
archivePrefix = "arXiv",
   eprint = {1601.00181},
 primaryClass = "math.CO",
 keywords = {Mathematics - Combinatorics, Computer Science - Discrete Mathematics, 05E30, 68-04},
     year = 2016,
    month = jan,
   adsurl = {http://adsabs.harvard.edu/abs/2016arXiv160100181C},
  adsnote = {Provided by the SAO/NASA Astrophysics Data System}
}

@ARTICLE{2016arXiv160208538G,
   author = {{Ginzburg}, V.~L. and {Pasechnik}, D.~V.},
    title = "{Random Chain Complexes}",
  journal = {ArXiv e-prints},
archivePrefix = "arXiv",
   eprint = {1602.08538},
 primaryClass = "math.CO",
 keywords = {Mathematics - Combinatorics, Mathematics - Symplectic Geometry, 05E99, 55U15, 53D99, 60D99},
     year = 2016,
    month = feb,
   adsurl = {http://adsabs.harvard.edu/abs/2016arXiv160208538G},
  adsnote = {Provided by the SAO/NASA Astrophysics Data System}
}

@ARTICLE{2016arXiv160301710P,
   author = {{Pasechnik}, D.~V.},
    title = "{Locally toroidal polytopes of rank 6 and sporadic groups}",
  journal = {ArXiv e-prints},
archivePrefix = "arXiv",
   eprint = {1603.01710},
 primaryClass = "math.GR",
 keywords = {Mathematics - Group Theory, Mathematics - Combinatorics, 20D08, 20D06, 51E24, 51F15, 52B70},
     year = 2016,
    month = mar,
   adsurl = {http://adsabs.harvard.edu/abs/2016arXiv160301710P},
  adsnote = {Provided by the SAO/NASA Astrophysics Data System}
}

@inproceedings{Fangohr:2016:NMS:2897676.2897677,
 author = {Fangohr, Hans and Albert, Maximilian and Franchin, Matteo},
 title = {Nmag Micromagnetic Simulation Tool: Software Engineering Lessons Learned},
 booktitle = {Proceedings of the International Workshop on Software Engineering for Science},
 series = {SE4Science '16},
 year = {2016},
 isbn = {978-1-4503-4167-7},
 location = {Austin, Texas},
 pages = {1--7},
 numpages = {7},
 url = {http://doi.acm.org/10.1145/2897676.2897677},
 doi = {10.1145/2897676.2897677},
 acmid = {2897677},
 publisher = {ACM},
 address = {New York, NY, USA},
 keywords = {computational science software engineering, finite elements, nmag, python},
} 

@online{Thierry:igcscac16,
  author = {Nicolas M. Thi{\'e}ry},
  title = {Infrastructure for generic code in {SageMath}: categories, axioms, constructions},
  url = {http://cicm-conference.org/2016/slides/I3.pdf},
  note = {Invited Talk at CICM 2016}}

@online{Thiery:pdc16,
  author = {Nicolas M. Thi{\'e}ry},
  title= {Personal debriefing of {CICM'2016}},
  url = {http://opendreamkit.org/activities/2016-08-01-CICM/},
  note = {OpenDreamKit Blog Post}}

@online{RabIanMue:ldm16,
  author = {Florian Rabe and Mihnea Iancu and Dennis M{\"u}ller},
  title= {Language Design in MMT},
  url = {http://cicm-conference.org/2016/slides/MMTLanguages.pdf},
  note = {Tutorial at CICM 2016}}

@online{RabIanMue:adm16,
  author = {Florian Rabe and Mihnea Iancu and Dennis M{\"u}ller},
  title= {Application Design with MMT},
  url = {http://cicm-conference.org/2016/slides/MMTApplications.pdf},
  note = {Tutorial at CICM 2016}}

