@inproceedings{Per16,
 author = {Pernet, Cl{\'e}ment},
 title = {Computing with Quasiseparable Matrices},
 booktitle = {Proceedings of the ACM on International Symposium on Symbolic and Algebraic Computation},
 series = {ISSAC '16},
 year = {2016},
 isbn = {978-1-4503-4380-0},
 location = {Waterloo, ON, Canada},
 pages = {389--396},
 numpages = {8},
 doi = {10.1145/2930889.2930915},
 acmid = {2930915},
 publisher = {ACM},
 address = {New York, NY, USA},
 keywords = {generalized bruhat decomposition, quasiseparable matrices, rank profile},
} 
@inproceedings{DuPe18,
 author = {Dumas, Jean-Guillaume and Pernet, Cl{\'e}ment},
 title = {Symmetric Indefinite Triangular Factorization Revealing the Rank Profile Matrix},
 booktitle = {Proceedings of the 2018 ACM on International Symposium on Symbolic and Algebraic Computation},
 series = {ISSAC '18},
 year = {2018},
 isbn = {978-1-4503-5550-6},
 location = {New York, NY, USA},
 pages = {151--158},
 numpages = {8},
 doi = {10.1145/3208976.3209019},
 acmid = {3209019},
 publisher = {ACM},
 address = {New York, NY, USA},
 keywords = {LDLT, finite field, rank profile matrix, symmetric Gaussian elimination},
}
@article{PeSt18,
title = "Time and space efficient generators for quasiseparable matrices",
journal = "Journal of Symbolic Computation",
volume = "85",
pages = "224 - 246",
year = "2018",
note = "41th International Symposium on Symbolic and Alge-braic Computation (ISSAC’16)",
issn = "0747-7171",
doi = "10.1016/j.jsc.2017.07.010",
author = "Clément Pernet and Arne Storjohann",
keywords = "Quasiseparable, Hierarchically semiseparable, Rank profile matrix, Generalized Bruhat decomposition, Fast matrix arithmetic"
}
@inproceedings{DLP17,
 author = {Dumas, Jean-Guillaume and Lucas, David and Pernet, Cl{\'e}ment},
 title = {Certificates for Triangular Equivalence and Rank Profiles},
 booktitle = {Proceedings of the 2017 ACM on International Symposium on Symbolic and Algebraic Computation},
 series = {ISSAC '17},
 year = {2017},
 isbn = {978-1-4503-5064-8},
 location = {Kaiserslautern, Germany},
 pages = {133--140},
 numpages = {8},
 doi = {10.1145/3087604.3087609},
 acmid = {3087609},
 publisher = {ACM},
 address = {New York, NY, USA},
 keywords = {interactive certificate, matrix determinant, matrix rank profile, probabilistic proofs},
}
@article{DPS17,
title = "Fast computation of the rank profile matrix and the generalized Bruhat decomposition",
journal = "Journal of Symbolic Computation",
volume = "83",
pages = "187 - 210",
year = "2017",
note = "Special issue on the conference ISSAC 2015: Symbolic computation and computer algebra",
issn = "0747-7171",
doi = "10.1016/j.jsc.2016.11.011",
author = "Jean-Guillaume Dumas and Clément Pernet and Ziad Sultan",
keywords = "Gaussian elimination, Rank profile, Echelon form, PLUQ decomposition, Bruhat decomposition, McCoy's rank, Finite chain ring"
}

@techreport{LNPRR18,
author = "Lucas, David and Neiger, Vincent and Pernet, Cl\'ement and Roche, Daniel S. and Rosenkilde, Johan",
title = "Interactive Certificates for Polynomial Matrices with Sub-Linear Communication ",
year = "2018",
note = "\href{https://arxiv.org/abs/1807.01272}{arXiv-1807.01272 [cs.SC]}",
}


@techreport{DFLLOPP18,
author = "Dumas, Jean-Guillaume and Fenner, Julio and Lafourcade, Pascal and Lucas, David and Pernet, Cl\'ement and Puys, Maxime",
title = "Secure Multi-Party Matrix Multiplication Based on Strassen-Winograd Algorithm",
year = "2018",
note = "\href{https://hal.archives-ouvertes.fr/hal-01781554}{hal-01781554}",
}