@article{Gastineau:2011:TCA:1940475.1940518,
 author = {Gastineau, Micka\"{e}l and Laskar, Jacques},
 title = {TRIP: A Computer Algebra System Dedicated to Celestial Mechanics and Perturbation Series},
 journal = {ACM Commun. Comput. Algebra},
 issue_date = {September/December 2010},
 volume = {44},
 number = {3/4},
 month = jan,
 year = {2011},
 issn = {1932-2240},
 pages = {194--197},
 numpages = {4},
 url = {http://doi.acm.org/10.1145/1940475.1940518},
 doi = {10.1145/1940475.1940518},
 acmid = {1940518},
 publisher = {ACM},
 address = {New York, NY, USA},
} 

@inproceedings{Monagan:2010:PSP:1837210.1837227,
 author = {Monagan, Michael and Pearce, Roman},
 title = {Parallel Sparse Polynomial Division Using Heaps},
 booktitle = {Proceedings of the 4th International Workshop on Parallel and Symbolic Computation},
 series = {PASCO '10},
 year = {2010},
 isbn = {978-1-4503-0067-4},
 location = {Grenoble, France},
 pages = {105--111},
 numpages = {7},
 url = {http://doi.acm.org/10.1145/1837210.1837227},
 doi = {10.1145/1837210.1837227},
 acmid = {1837227},
 publisher = {ACM},
 address = {New York, NY, USA},
 keywords = {division, heaps, parallel, polynomial, sparse},
} 

@inproceedings{Monagan:2009:PSP:1576702.1576739,
 author = {Monagan, Michael and Pearce, Roman},
 title = {Parallel Sparse Polynomial Multiplication Using Heaps},
 booktitle = {Proceedings of the 2009 International Symposium on Symbolic and Algebraic Computation},
 series = {ISSAC '09},
 year = {2009},
 isbn = {978-1-60558-609-0},
 location = {Seoul, Republic of Korea},
 pages = {263--270},
 numpages = {8},
 url = {http://doi.acm.org/10.1145/1576702.1576739},
 doi = {10.1145/1576702.1576739},
 acmid = {1576739},
 publisher = {ACM},
 address = {New York, NY, USA},
 keywords = {multiplication, parallel, polynomial, sparse},
} 

@inproceedings{Gastineau:2015:PSM:2790282.2790285,
 author = {Gastineau, Micka\"{e}l and Laskar, Jacques},
 title = {Parallel Sparse Multivariate Polynomial Division},
 booktitle = {Proceedings of the 2015 International Workshop on Parallel Symbolic Computation},
 series = {PASCO '15},
 year = {2015},
 isbn = {978-1-4503-3599-7},
 location = {Bath, United Kingdom},
 pages = {25--33},
 numpages = {9},
 url = {http://doi.acm.org/10.1145/2790282.2790285},
 doi = {10.1145/2790282.2790285},
 acmid = {2790285},
 publisher = {ACM},
 address = {New York, NY, USA},
 keywords = {division, parallel, polynomial, sparse},
} 

@inproceedings{Gastineau:2013:HSM:2689622.2689630,
 author = {Gastineau, Micka\"{e}l and Laskar, Jacques},
 title = {Highly Scalable Multiplication for Distributed Sparse Multivariate Polynomials on Many-Core Systems},
 booktitle = {Proceedings of the 15th International Workshop on Computer Algebra in Scientific Computing - Volume 8136},
 series = {CASC 2013},
 year = {2013},
 isbn = {978-3-319-02296-3},
 location = {Berlin, Germany},
 pages = {100--115},
 numpages = {16},
 url = {https://doi.org/10.1007/978-3-319-02297-0_8},
 doi = {10.1007/978-3-319-02297-0_8},
 acmid = {2689630},
 publisher = {Springer-Verlag},
 address = {Berlin, Heidelberg},
} 

@misc {DGPS,
 title = {{\sc Singular} {4-1-2} --- {A} computer algebra system for polynomial computations},
 author = {Decker, Wolfram and Greuel, Gert-Martin and Pfister, Gerhard and Sch\"onemann, Hans},
 year = {2019},
 howpublished = {\url{http://www.singular.uni-kl.de}},
}

@misc {Factory,
 title = {{\sc Factory} a C++ class library that implements a recursive representation of multivariate polynomial data},
 author = {Greuel, Gert-Martin and Stobbe, R\"udiger and Lee, Martine},
 howpublished = {\url{www.singular.uni-kl.de/Manual/latest/sing_1.htm}},
}

@misc {Giac,
 title = {Giac/Xcas version 1.5.0},
 author = {Parisse, Bernard and De Graeve, Ren\'ee},
 year = {2018},
 howpublished = {\url{http://www-fourier.univ-grenoble-alpes.fr/~parisse/giac.html}},
}
@inproceedings {Hart2010,
 title = {Fast Library for Number Theory: An Introduction},
 author = {Hart, William},
 booktitle = {Proceedings of the Third International Congress on Mathematical Software},
 series = {ICMS'10},
 year = {2010},
 location = {Kobe, Japan},
 pages = {88--91},
 publisher = {Springer-Verlag},
 address = {Berlin, Heidelberg},
 note = {\url{http://flintlib.org}},
} 