@misc{wp7:github,
title="GitHub",
url={http://github.com},
}

@misc{wp7:trac,
title={Trac},
url={https://trac.edgewall.org/},
}

@misc{wp7:fossheartbeat,
author={Sarah Sharp},
title={{FOSS} {H}eartbeat analyses the health of a community of contributors},
url={https://sarahsharp.github.io/foss-heartbeat},
year=2016,
}

@misc{wp7:afronshapeoss,
title={The shape of open source},
author={Arfon Smith},
url={https://github.com/blog/2195-the-shape-of-open-source},
year=2016,
}
@article{DBLP:journals/corr/LimaRM14,
  author    = {Antonio Lima and
               Luca Rossi and
               Mirco Musolesi},
  title     = {Coding Together at Scale: GitHub as a Collaborative Social Network},
  journal   = {CoRR},
  volume    = {abs/1407.2535},
  year      = {2014},
  url       = {http://arxiv.org/abs/1407.2535},
  timestamp = {Fri, 01 May 2015 14:51:21 +0200},
  biburl    = {http://dblp.uni-trier.de/rec/bib/journals/corr/LimaRM14},
  bibsource = {dblp computer science bibliography, http://dblp.org}
}
@inproceedings{wp7:githubandsof,
author={Bogdan Vasilescu and Vladimir Filkov and Alexander Serebrenik},
title={Stack{O}verflow and {G}it{H}ub: Associations Between
Software Development and Crowdsourced Knowledge},
DOI={10.1109/SocialCom.2013.35},
year=2013,
address={SocialCom},
}

@misc{wp7:stackoverflow,
title={Stack{O}verflow},
url={http://stackoverflow.com/},
}
@article{DBLP:journals/corr/VasilescuSWSB15,
  author    = {Bogdan Vasilescu and
               Stef van Schuylenburg and
               Jules Wulms and
               Alexander Serebrenik and
               Mark G. J. van den Brand},
  title     = {Continuous integration in a social-coding world: Empirical evidence
               from GitHub. **Updated version with corrections*},
  journal   = {CoRR},
  volume    = {abs/1512.01862},
  year      = {2015},
  url       = {http://arxiv.org/abs/1512.01862},
  timestamp = {Sat, 02 Jan 2016 11:38:49 +0100},
  biburl    = {http://dblp.uni-trier.de/rec/bib/journals/corr/VasilescuSWSB15},
  bibsource = {dblp computer science bibliography, http://dblp.org}
}
