%% this file was generated with Florian Rabe's bib utility
@article{KR:qed:14,
  author = "M. Kohlhase and F. Rabe",
  title = "{QED Reloaded: Towards a Pluralistic Formal Library of Mathematical Knowledge}",
  year = "2016",
  pages = "201--234",
  journal = "Journal of Formalized Reasoning",
  volume = "9",
  number = "1"
}

@inproceedings{HR:tptp:12,
  author = "F. Horozal and F. Rabe",
  title = "{Formal Logic Definitions for Interchange Languages}",
  year = "2015",
  pages = "171--186",
  booktitle = "Intelligent Computer Mathematics",
  editor = "M. Kerber and J. Carette and C. Kaliszyk and F. Rabe and V. Sorge",
  publisher = "Springer"
}

@inproceedings{rabe:literals:14,
  author = "F. Rabe",
  title = "{Generic Literals}",
  year = "2015",
  pages = "102--117",
  booktitle = "Intelligent Computer Mathematics",
  editor = "M. Kerber and J. Carette and C. Kaliszyk and F. Rabe and V. Sorge",
  publisher = "Springer"
}

@proceedings{KCKRS:cicm:15,
  title = "{Intelligent Computer Mathematics}",
  year = "2015",
  note = "in preparation",
  editor = "M. Kerber and J. Carette and C. Kaliszyk and F. Rabe and V. Sorge",
  publisher = "Springer"
}

@article{rabe:lax:14,
  author = "F. Rabe",
  title = "{Lax Theory Morphisms}",
  year = "2015",
  journal = "ACM Transactions on Computational Logic",
  volume = "17",
  number = "1"
}

@article{rabe:future:15,
  author = "F. Rabe",
  title = "{The Future of Logic: Foundation-Independence}",
  year = "2015",
  note = "10.1007/s11787-015-0132-x; Winner of the Contest ``The Future of Logic'' at the World Congress on Universal Logic",
  pages = "1--20",
  journal = "Logica Universalis",
  volume = "10",
  number = "1"
}

@unpublished{rabe:theoexp:15,
  author = "F. Rabe",
  title = "{Theory Expressions (A Survey)}",
  year = "2015",
  note = "see \url{http://kwarc.info/frabe/Research/rabe_theoexp_15.pdf}"
}

@misc{nadrag:bsc,
  author = "R. Nadrag",
  title = "{Towards Integrating Mathematical Libraries via Alignments}",
  year = "2015",
  note = "Bachelor's thesis, Jacobs University Bremen",
  school = "Jacobs University Bremen"
}

@phdthesis{horozal:phd,
  author = "F. Horozal",
  title = "{A Framework for Defining Declarative Languages}",
  year = "2014",
  school = "Jacobs University Bremen"
}

@unpublished{rabe:mmttypetheory:14,
  author = "F. Rabe",
  title = "{A Generic Type Theory}",
  year = "2014",
  note = "see \url{http://kwarc.info/frabe/Research/rabe_mmttypetheory_14.pdf}"
}

@inproceedings{rabe:ui:14,
  author = "F. Rabe",
  title = "{A Logic-Independent IDE}",
  year = "2014",
  pages = "48--60",
  booktitle = "Workshop on User Interfaces for Theorem Provers",
  editor = "C. Benzm√ºller and B. {Woltzenlogel Paleo}",
  publisher = "Elsevier"
}

@phdthesis{rabe:habil:14,
  type = "Habilitation thesis",
  author = "F. Rabe",
  title = "{A Scalable Logical Framework}",
  year = "2014",
  note = "see \url{http://kwarc.info/frabe/Research/rabe_habil_14.pdf}",
  school = "Jacobs University Bremen"
}

@inproceedings{HRK:sequences:14,
  author = "F. Horozal and F. Rabe and M. Kohlhase",
  title = "{Flexary Operators for Formalized Mathematics}",
  year = "2014",
  pages = "312--327",
  booktitle = "Intelligent Computer Mathematics",
  editor = "S. Watt and J. Davenport and A. Sexton and P. Sojka and J. Urban",
  publisher = "Springer"
}

@article{rabe:howto:14,
  author = "F. Rabe",
  title = "{How to Identify, Translate, and Combine Logics?}",
  year = "2014",
  note = "doi:10.1093/logcom/exu079",
  journal = "Journal of Logic and Computation"
}

@inproceedings{rabe:mmtobjects:14,
  author = "F. Rabe",
  title = "{MMT Objects}",
  year = "2014",
  booktitle = "Workshops and Work in Progress at CICM 2014: OpenMath Workshop",
  editor = "M. England and J. Davenport and A. Kohlhase and M. Kohlhase and P. Libbrecht and W. Neuper and P. Quaresma and A. Sexton and P. Sojka and J. Urban and S. Watt",
  publisher = "CEUR"
}

@misc{project:oaf,
  author = "M. Kohlhase and F. Rabe",
  title = "{The OAF Project}",
  year = "2014",
  note = "see \url{https://svn.kwarc.info/repos/frabe/www/OAF/index.html}"
}

@inproceedings{KR:hollight:14,
  author = "C. Kaliszyk and F. Rabe",
  title = "{Towards Knowledge Management for HOL Light}",
  year = "2014",
  pages = "357--372",
  booktitle = "Intelligent Computer Mathematics",
  editor = "S. Watt and J. Davenport and A. Sexton and P. Sojka and J. Urban",
  publisher = "Springer"
}

@misc{luecke:bsc,
  author = "T. L{\"u}cke",
  title = "{A Description Operator for First-Order-Logic}",
  year = "2013",
  note = "Bachelor's thesis, Jacobs University Bremen",
  school = "Jacobs University Bremen"
}

@article{rabe:combining:10,
  author = "F. Rabe",
  title = "{A Logical Framework Combining Model and Proof Theory}",
  year = "2013",
  pages = "945--1001",
  journal = "Mathematical Structures in Computer Science",
  volume = "23",
  number = "5"
}

@misc{mance:bsc,
  author = "F. Mance",
  title = "{A Practical OpenMath Machine}",
  year = "2013",
  note = "Bachelor's thesis, Jacobs University Bremen",
  school = "Jacobs University Bremen"
}

@article{RK:mmt:10,
  author = "F. Rabe and M. Kohlhase",
  title = "{A Scalable Module System}",
  year = "2013",
  pages = "1--54",
  journal = "Information and Computation",
  volume = "230",
  number = "1"
}

@inproceedings{KMR:uom:13,
  author = "M. Kohlhase and F. Mance and F. Rabe",
  title = "{A Universal Machine for Biform Theory Graphs}",
  year = "2013",
  pages = "82--97",
  booktitle = "Intelligent Computer Mathematics",
  editor = "J. Carette and D. Aspinall and C. Lange and P. Sojka and W. Windsteiger",
  publisher = "Springer"
}

@inproceedings{CHJMR:compiling:12,
  author = "M. Codescu and F. Horozal and A. Jakubauskas and T. Mossakowski and F. Rabe",
  title = "{Compiling Logics}",
  year = "2013",
  pages = "111--126",
  booktitle = "Recent Trends in Algebraic Development Techniques 2012",
  editor = "N. Mart{\'i}-Oliet and M. Palomino",
  publisher = "Springer"
}

@unpublished{GIR:mmtlatex:13,
  author = "D. Ginev and M. Iancu and F. Rabe",
  title = "{Integrating Content and Narration-Oriented Document Formats}",
  year = "2013",
  note = "see \url{http://kwarc.info/frabe/Research/GIR_mmtlatex_13.pdf}"
}

@article{RS:logrels:12,
  author = "F. Rabe and K. Sojakova",
  title = "{Logical Relations for a Logical Framework}",
  year = "2013",
  pages = "1--34",
  journal = "ACM Transactions on Computational Logic",
  volume = "14",
  number = "4"
}

@article{IKRU:mizar:11,
  author = "M. Iancu and M. Kohlhase and F. Rabe and J. Urban",
  title = "{The Mizar Mathematical Library in OMDoc: Translation and Applications}",
  year = "2013",
  pages = "191--202",
  journal = "Journal of Automated Reasoning",
  volume = "50",
  number = "2"
}

@inproceedings{rabe:mmtabs:13,
  author = "F. Rabe",
  title = "{The MMT API: A Generic MKM System}",
  year = "2013",
  pages = "339--343",
  booktitle = "Intelligent Computer Mathematics",
  editor = "J. Carette and D. Aspinall and C. Lange and P. Sojka and W. Windsteiger",
  publisher = "Springer"
}

@inproceedings{IMR:mmtrepl:13,
  author = "M. Iancu and F. Mance and F. Rabe",
  title = "{The Scala-REPL + MMT as a lightweight mathematical user interface}",
  year = "2013",
  booktitle = "Workshops and Work in Progress at CICM 2013: Mathematical User Interfaces (MathUI)",
  editor = "C. Lange and D. Aspinall and J. Carette and J. Davenport and A. Kohlhase and M. Kohlhase and P. Libbrecht and P. Quaresma and F. Rabe and P. Sojka and I. Whiteside and W. Windsteiger",
  publisher = "CEUR"
}

@proceedings{LangeEA:cicmws:13,
  title = "{Workshops and Work in Progress at CICM 2013}",
  year = "2013",
  editor = "C. Lange and D. Aspinall and J. Carette and J. Davenport and A. Kohlhase and M. Kohlhase and P. Libbrecht and P. Quaresma and F. Rabe and P. Sojka and I. Whiteside and W. Windsteiger",
  publisher = "CEUR"
}

@inproceedings{IR:ui:12,
  author = "M. Iancu and F. Rabe",
  title = "{(Work-in-Progress) An MMT-Based User-Interface}",
  year = "2012",
  booktitle = "Workshop on User Interfaces for Theorem Provers",
  editor = "C. Kaliszyk and C. L{\"u}th"
}

@inproceedings{CHKMR:hiding:11,
  author = "M. Codescu and F. Horozal and M. Kohlhase and T. Mossakowski and F. Rabe",
  title = "{A Proof Theoretic Interpretation of Model Theoretic Hiding}",
  year = "2012",
  pages = "118--138",
  booktitle = "Recent Trends in Algebraic Development Techniques 2010",
  editor = "T. Mossakowski and H. Kreowski",
  publisher = "Springer"
}

@inproceedings{rabe:querying:12,
  author = "F. Rabe",
  title = "{A Query Language for Formal Mathematical Libraries}",
  year = "2012",
  pages = "142--157",
  booktitle = "Intelligent Computer Mathematics",
  editor = "J. Campbell and J. Carette and G. {Dos Reis} and J. Jeuring and P. Sojka and V. Sorge and M. Wenzel",
  publisher = "Springer"
}

@mastersthesis{dumbrava:msc,
  author = "S. Dumbrava",
  title = "{A Type Theory based on Reflection}",
  year = "2012",
  school = "Jacobs University Bremen"
}

@unpublished{rabe:reflection:12,
  author = "F. Rabe",
  title = "{A Type Theory Based on Reflection}",
  year = "2012",
  note = "see \url{http://kwarc.info/frabe/Research/rabe_reflection_12.pdf}"
}

@inproceedings{CHMR:compiling:12,
  author = "M. Codescu and F. Horozal and T. Mossakowski and F. Rabe",
  title = "{Compiling Logics}",
  year = "2012",
  booktitle = "Workshop on Algebraic Development Techniques"
}

@inproceedings{HKR:extending:12,
  author = "F. Horozal and M. Kohlhase and F. Rabe",
  title = "{Extending MKM Formats at the Statement Level}",
  year = "2012",
  pages = "64--79",
  booktitle = "Intelligent Computer Mathematics",
  editor = "J. Campbell and J. Carette and G. {Dos Reis} and J. Jeuring and P. Sojka and V. Sorge and M. Wenzel",
  publisher = "Springer"
}

@misc{alecu:bsc,
  author = "M. Alecu",
  title = "{Generic unification for type theories}",
  year = "2012",
  note = "Bachelor's thesis, Jacobs University Bremen",
  school = "Jacobs University Bremen"
}

@inproceedings{IR:moc:12,
  author = "M. Iancu and F. Rabe",
  title = "{Management of Change in Declarative Languages}",
  year = "2012",
  pages = "325--340",
  booktitle = "Intelligent Computer Mathematics",
  editor = "J. Campbell and J. Carette and G. {Dos Reis} and J. Jeuring and P. Sojka and V. Sorge and M. Wenzel",
  publisher = "Springer"
}

@mastersthesis{iancu:msc,
  author = "M. Iancu",
  title = "{Management of Change in Declarative Languages}",
  year = "2012",
  school = "Jacobs University Bremen"
}

@mastersthesis{horozal:msc,
  author = "F. Horozal",
  title = "{Management of Change in the Web Ontology Language}",
  year = "2012",
  school = "Jacobs University Bremen"
}

@inproceedings{RS:vertrans:12,
  author = "F. Rabe and K. Sojakova",
  title = "{Mechanically Verifying Logic Translations}",
  year = "2012",
  booktitle = "Workshop on Algebraic Development Techniques"
}

@misc{ignatov:bsc,
  author = "I. Ignatov",
  title = "{Modular Encoding of Type Theory}",
  year = "2012",
  note = "Bachelor's thesis, Jacobs University Bremen",
  school = "Jacobs University Bremen"
}

@inproceedings{CHIR:casl:12,
  author = "M. Codescu and F. Horozal and I. Ignatov and F. Rabe",
  title = "{Representing CASL in a Proof-Theoretical Logical Framework}",
  year = "2012",
  booktitle = "Workshop on Algebraic Development Techniques"
}

@inproceedings{HR:patterns:12,
  author = "F. Horozal and F. Rabe",
  title = "{Representing Categories of Theories in a Proof-Theoretical Logical Framework}",
  year = "2012",
  booktitle = "Workshop on Algebraic Development Techniques"
}

@article{KR:omsemantics:12,
  author = "M. Kohlhase and F. Rabe",
  title = "{Semantics of OpenMath and MathML3}",
  year = "2012",
  pages = "235--260",
  journal = "Mathematics in Computer Science",
  volume = "6",
  number = "3"
}

@inproceedings{CHKMRS:lfhets:11,
  author = "M. Codescu and F. Horozal and M. Kohlhase and T. Mossakowski and F. Rabe and K. Sojakova",
  title = "{Towards Logical Frameworks in the Heterogeneous Tool Set Hets}",
  year = "2012",
  pages = "139--159",
  booktitle = "Recent Trends in Algebraic Development Techniques 2010",
  editor = "T. Mossakowski and H. Kreowski",
  publisher = "Springer"
}

@inproceedings{RKS:integration:11,
  author = "F. Rabe and M. Kohlhase and C. {Sacerdoti Coen}",
  title = "{A Foundational View on Integration Problems}",
  year = "2011",
  pages = "107--122",
  booktitle = "Intelligent Computer Mathematics",
  editor = "J. Davenport and W. Farmer and F. Rabe and J. Urban",
  publisher = "Springer"
}

@inproceedings{HIJKR:dimensions:11,
  author = "F. Horozal and A. Iacob and C. Jucovschi and M. Kohlhase and F. Rabe",
  title = "{Combining Source, Content, Presentation, Narration, and Relational Representation}",
  year = "2011",
  pages = "212--227",
  booktitle = "Intelligent Computer Mathematics",
  editor = "J. Davenport and W. Farmer and F. Rabe and J. Urban",
  publisher = "Springer"
}

@inproceedings{HKR:sequences:11,
  author = "F. Horozal and M. Kohlhase and F. Rabe",
  title = "{Extending OpenMath with Sequences}",
  year = "2011",
  pages = "58--72",
  booktitle = "Intelligent Computer Mathematics, Work-in-Progress Proceedings",
  editor = "A. Asperti and J. Davenport and W. Farmer and F. Rabe and J. Urban",
  publisher = "University of Bologna"
}

@article{IR:foundations:10,
  author = "M. Iancu and F. Rabe",
  title = "{Formalizing Foundations of Mathematics}",
  year = "2011",
  pages = "883--911",
  journal = "Mathematical Structures in Computer Science",
  volume = "21",
  number = "4"
}

@misc{zamdzhiev:bsc:math,
  author = "V. Zamdzhiev",
  title = "{Formalizing Syntactical Objects within Formalized Set Theory}",
  year = "2011",
  note = "Bachelor's thesis, Jacobs University Bremen",
  school = "Jacobs University Bremen"
}

@proceedings{DFRU:cicm:11,
  title = "{Intelligent Computer Mathematics}",
  year = "2011",
  editor = "J. Davenport and W. Farmer and F. Rabe and J. Urban",
  publisher = "Springer"
}

@proceedings{DFRU:cicmwip:11,
  title = "{Intelligent Computer Mathematics, Work-in-Progress Proceedings}",
  year = "2011",
  editor = "A. Asperti and J. Davenport and W. Farmer and F. Rabe and J. Urban",
  publisher = "University of Bologna"
}

@article{AR:lamkrip:11,
  author = "S. Awodey and F. Rabe",
  title = "{Kripke Semantics for Martin-L{\"o}f's Extensional Type Theory}",
  year = "2011",
  journal = "Logical Methods in Computer Science",
  volume = "7",
  number = "3"
}

@proceedings{GNRS:lfmtpmlpa:11,
  title = "{LFMTP 2011 - MLPA 2011 Informal Proceedings}",
  year = "2011",
  note = "see \url{http://kwarc.info/frabe/events/mlpa-11/index.html}",
  editor = "H. Geuvers and G. Nadathur and F. Rabe and C. Sch{\"u}rmann"
}

@inproceedings{CHKMR:latinabs:11,
  author = "M. Codescu and F. Horozal and M. Kohlhase and T. Mossakowski and F. Rabe",
  title = "{Project Abstract: Logic Atlas and Integrator (LATIN)}",
  year = "2011",
  pages = "289--291",
  booktitle = "Intelligent Computer Mathematics",
  editor = "J. Davenport and W. Farmer and F. Rabe and J. Urban",
  publisher = "Springer"
}

@article{HR:folsound:10,
  author = "F. Horozal and F. Rabe",
  title = "{Representing Model Theory in a Type-Theoretical Logical Framework}",
  year = "2011",
  pages = "4919--4945",
  journal = "Theoretical Computer Science",
  volume = "412",
  number = "37"
}

@mastersthesis{iacob:msc,
  author = "A. Iacob",
  title = "{Towards Project-Based Workflows in Twelf}",
  year = "2011",
  school = "Jacobs University Bremen"
}

@techreport{IKR:mizar:11,
  author = "M. Iancu and M. Kohlhase and F. Rabe",
  title = "{Translating the Mizar Mathematical Library into OMDoc format}",
  year = "2011",
  institution = "Jacobs University Bremen",
  number = "KWARC Report-01/11"
}

@misc{zamdzhiev:bsc:cs,
  author = "V. Zamdzhiev",
  title = "{Universal OpenMath Machine}",
  year = "2011",
  note = "Bachelor's thesis, Jacobs University Bremen",
  school = "Jacobs University Bremen"
}

@inproceedings{ZKR:tntbase:10,
  author = "V. Zholudev and M. Kohlhase and F. Rabe",
  title = "{A [insert XML Format] Database for [insert cool application]}",
  year = "2010",
  booktitle = "XMLPrague 2010",
  publisher = "XMLPrague.cz"
}

@misc{rabeEA:isabelle-lf:10,
  author = "M. Iancu and F. Rabe",
  title = "{A Formal Semantics of Isabelle/HOL}",
  year = "2010",
  note = "see \url{https://svn.kwarc.info/repos/twelf/projects/isabelle}"
}

@unpublished{RI:isabelle:10,
  author = "F. Rabe and M. Iancu",
  title = "{A Formalized Set-Theoretical Semantics of Isabelle/HOL}",
  year = "2010",
  note = "see \url{http://kwarc.info/frabe/Research/rabeEA_isabelle_10.pdf}"
}

@inproceedings{CHKMR:hiding:10,
  author = "M. Codescu and F. Horozal and M. Kohlhase and T. Mossakowski and F. Rabe",
  title = "{A Proof Theoretic Interpretation of Model Theoretic Hiding}",
  year = "2010",
  booktitle = "Workshop on Algebraic Development Techniques"
}

@misc{iancu:bsc,
  author = "M. Iancu",
  title = "{Formalizing Foundations of Mathematics}",
  year = "2010",
  note = "Bachelor's thesis, Jacobs University Bremen",
  school = "Jacobs University Bremen"
}

@misc{IR:foundations-lf:10,
  author = "M. Iancu and F. Rabe",
  title = "{Formalizing Foundations of Mathematics, LF Encodings}",
  year = "2010",
  note = "see \url{https://latin.omdoc.org/wiki/FormalizingFoundations}"
}

@misc{misev:bsc,
  author = "D. Misev",
  title = "{Integrating SUMO and OMDoc}",
  year = "2010",
  note = "Bachelor's thesis, Jacobs University Bremen",
  school = "Jacobs University Bremen"
}

@misc{david:bsc,
  author = "C. David",
  title = "{Interactive Documents and Computer Algebra Systems: JOBAD and Wolfram|Alpha}",
  year = "2010",
  note = "Bachelor's thesis, Jacobs University Bremen",
  school = "Jacobs University Bremen"
}

@inproceedings{DLR:jobad:10,
  author = "C. David and C. Lange and F. Rabe",
  title = "{Interactive Documents as Interfaces to Computer Algebra Systems: JOBAD and Wolfram|Alpha}",
  year = "2010",
  pages = "13--30",
  booktitle = "CALCULEMUS (Emerging Trends)",
  editor = "D. Delahaye and R. Rioboo",
  publisher = "Centre d'{\'E}tude et de Recherche en Informatique du CNAM (C{\'e}dric)"
}

@inproceedings{DKLRZ:jobadmmt:10,
  author = "C. David and M. Kohlhase and C. Lange and F. Rabe and V. Zholudev",
  title = "{JOBAD/MMT -- Interactive Mathematics}",
  year = "2010",
  note = "see \url{http://sites.google.com/a/fh-hannover.de/aimashup/home/jobad}",
  booktitle = "AI Mashup Challenge at ESWC",
  editor = "A. Giurca and B. Endres-Niggemeyer and C. Lange and L. Maicher and P. Hitzler"
}

@mastersthesis{sojakova:msc,
  author = "K. Sojakova",
  title = "{Mechanically Verifying Logic Translations}",
  year = "2010",
  school = "Jacobs University Bremen"
}

@proceedings{RS:mlpa:10,
  title = "{MLPA '10: Proceedings of the 2nd Workshop on Modules and Libraries for Proof Assistants}",
  year = "2010",
  note = "see \url{http://kwarc.info/frabe/events/mlpa-10.html}",
  editor = "F. Rabe and C. Sch{\"u}rmann"
}

@inproceedings{DKLRZ:jobaddemo:10,
  author = "C. David and M. Kohlhase and C. Lange and F. Rabe and V. Zholudev",
  title = "{Publishing Math Lecture Notes as Linked Data}",
  year = "2010",
  pages = "370--375",
  booktitle = "The Semantic Web: Research and Applications",
  editor = "L. Aroyo and G. Antoniou and E. Hyv{\"o}nen and A. {ten Teije} and H. Stuckenschmidt and L. Cabral and T. Tudorache",
  publisher = "Springer"
}

@inproceedings{rabe:isalf:10,
  author = "F. Rabe",
  title = "{Representing Isabelle in LF}",
  year = "2010",
  pages = "85--100",
  booktitle = "Logical Frameworks and Meta-languages: Theory and Practice",
  editor = "K. Crary and M. Miculan",
  publisher = "Electronic Proceedings in Theoretical Computer Science"
}

@article{rabe:bslreview:10,
  author = "F. Rabe",
  title = "{Review of ``Reasoning in Simple Type Theory -- Festschrift in Honor of Peter B. Andrews on His 70th Birthday''}",
  year = "2010",
  pages = "409--411",
  journal = "Bulletin of Symbolic Logic",
  volume = "16",
  number = "3"
}

@misc{dumbrava:bsc,
  author = "S. Dumbrava",
  title = "{Structured Specifications with Hiding in the Edinburgh Logical Framework LF}",
  year = "2010",
  note = "Bachelor's thesis, Jacobs University Bremen",
  school = "Jacobs University Bremen"
}

@inproceedings{DR:filtering:10,
  author = "S. Dumbrava and F. Rabe",
  title = "{Structuring Theories with Partial Morphisms}",
  year = "2010",
  booktitle = "Workshop on Algebraic Development Techniques"
}

@inproceedings{CHKMRS:lfhets:10,
  author = "M. Codescu and F. Horozal and M. Kohlhase and T. Mossakowski and F. Rabe and K. Sojakova",
  title = "{Towards Logical Frameworks in the Heterogeneous Tool Set Hets}",
  year = "2010",
  booktitle = "Workshop on Algebraic Development Techniques"
}

@inproceedings{KRZ:mmttnt:10,
  author = "M. Kohlhase and F. Rabe and V. Zholudev",
  title = "{Towards MKM in the Large: Modular Representation and Scalable Software Architecture}",
  year = "2010",
  pages = "370--384",
  booktitle = "Intelligent Computer Mathematics",
  editor = "S. Autexier and J. Calmet and D. Delahaye and P. Ion and L. Rideau and R. Rioboo and A. Sexton",
  publisher = "Springer"
}

@inproceedings{RK:roles:09,
  author = "F. Rabe and M. Kohlhase",
  title = "{A Better Role System for OpenMath}",
  year = "2009",
  booktitle = "Proceedings of the OpenMath workshop"
}

@inproceedings{DHS:algebra:09,
  author = "S. Dumbrava and F. Horozal and K. Sojakova",
  title = "{A Case Study on Formalizing Algebra in a Module System}",
  year = "2009",
  pages = "11--18",
  booktitle = "Workshop on Modules and Libraries for Proof Assistants",
  editor = "F. Rabe and C. Sch{\"u}rmann",
  publisher = "ACM"
}

@misc{rabeEA:folsound-lf:09,
  author = "F. Horozal and F. Rabe",
  title = "{A Formal Proof of the Soundness of First-order Logic}",
  year = "2009",
  note = "see \url{https://svn.kwarc.info/repos/twelf/fol-soundness.cfg}"
}

@misc{project:mmtlf,
  author = "F. Rabe and C. Sch{\"u}rmann",
  title = "{A Module System for Twelf}",
  year = "2009",
  note = "see \url{https://cvs.concert.cs.cmu.edu/twelf/branches/twelf-mod}"
}

@inproceedings{RS:twelfmod:09,
  author = "F. Rabe and C. Sch{\"u}rmann",
  title = "{A Practical Module System for LF}",
  year = "2009",
  pages = "40--48",
  booktitle = "Proceedings of the Workshop on Logical Frameworks: Meta-Theory and Practice (LFMTP)",
  editor = "J. Cheney and A. Felty",
  publisher = "ACM Press"
}

@inproceedings{GLR:jobad:09,
  author = "J. Gi{\v{c}}eva and C. Lange and F. Rabe",
  title = "{Integrating Web Services into Active Mathematical Documents}",
  year = "2009",
  pages = "279--293",
  booktitle = "Intelligent Computer Mathematics",
  editor = "J. Carette and L. Dixon and C. {Sacerdoti Coen} and S. Watt",
  publisher = "Springer"
}

@misc{giceva:bsc,
  author = "J. Gi{\v{c}}eva",
  title = "{Integrating Web Services into Active Mathematical Documents}",
  year = "2009",
  note = "Bachelor's thesis, Jacobs University Bremen",
  school = "Jacobs University Bremen"
}

@inproceedings{AR:lamkrip:09,
  author = "S. Awodey and F. Rabe",
  title = "{Kripke Semantics for Martin-L{\"o}f's Extensional Type Theory}",
  year = "2009",
  pages = "249--263",
  booktitle = "Typed Lambda Calculi and Applications (TLCA)",
  editor = "P. Curien",
  publisher = "Springer"
}

@unpublished{AR:lamkrip_long:09,
  author = "S. Awodey and F. Rabe",
  title = "{Kripke Semantics for Martin-L{\"o}f's Extensional Type Theory}",
  year = "2009",
  note = "see \url{http://kwarc.info/frabe/Research/LamKrip.pdf}"
}

@proceedings{RS:mlpa:09,
  title = "{MLPA '09: Proceedings of the 1st Workshop on Modules and Libraries for Proof Assistants}",
  year = "2009",
  editor = "F. Rabe and C. Sch{\"u}rmann",
  publisher = "ACM"
}

@techreport{KLMMR:notations-tr:2009,
  author = "M. Kohlhase and C. Lange and C. M{\"u}ller and N. M{\"u}ller and F. Rabe",
  title = "{Notations for Active Mathematical Documents}",
  year = "2009",
  institution = "Jacobs University Bremen",
  number = "2009-1"
}

@unpublished{rabeEA:presentation:09,
  author = "M. Kohlhase and C. Lange and C. M{\"u}ller and N. M{\"u}ller and F. Rabe",
  title = "{Notations for Active Mathematical Documents}",
  year = "2009"
}

@misc{iacob:bsc,
  author = "A. Iacob",
  title = "{Reasoning about Theory Morphisms}",
  year = "2009",
  note = "Bachelor's thesis, Jacobs University Bremen",
  school = "Jacobs University Bremen"
}

@inproceedings{rabe:gi:09,
  author = "F. Rabe",
  title = "{Representing Logics and Logic Translations}",
  year = "2009",
  note = "English title: Outstanding Dissertations in Computer Science 2008",
  pages = "201--210",
  booktitle = "Ausgezeichnete Informatikdissertationen 2008",
  editor = "D. {Wagner et al.}",
  publisher = "Gesellschaft f{\"u}r Informatik e.V. (GI)"
}

@inproceedings{HR:folsound:09,
  author = "F. Horozal and F. Rabe",
  title = "{Representing Model Theory in a Type-Theoretical Logical Framework}",
  year = "2009",
  pages = "49--65",
  booktitle = "Fourth Workshop on Logical and Semantic Frameworks, with Applications",
  editor = "M. Ayala-Rinc{\'o}n and F. Kamareddine",
  publisher = "Elsevier"
}

@inproceedings{KR:omsemantics:09,
  author = "M. Kohlhase and F. Rabe",
  title = "{Semantics of OpenMath and MathML 3}",
  year = "2009",
  booktitle = "Proceedings of the OpenMath workshop"
}

@misc{project:latin,
  author = "M. Kohlhase and T. Mossakowski and F. Rabe",
  title = "{The LATIN Project}",
  year = "2009",
  note = "see \url{https://trac.omdoc.org/LATIN/}"
}

@unpublished{rabe:mmt:09,
  author = "F. Rabe",
  title = "{The MMT Language}",
  year = "2009"
}

@inproceedings{SR:dfol_fol:08,
  author = "K. Sojakova and F. Rabe",
  title = "{Translating Dependently-Typed Logic to First-Order Logic}",
  year = "2009",
  pages = "326--341",
  booktitle = "Recent Trends in Algebraic Development Techniques",
  editor = "A. Corradini and U. Montanari",
  publisher = "Springer"
}

@inproceedings{RK:keappa:08,
  author = "F. Rabe and M. Kohlhase",
  title = "{An Exchange Format for Modular Knowledge}",
  year = "2008",
  pages = "50--68",
  booktitle = "Proceedings of the LPAR Workshops on Knowledge Exchange: Automated Provers and Proof Assistants, and The 7th International Workshop on the Implementation of Logics",
  editor = "G. Sutcliffe and P. Rudnicki and R. Schmidt and B. Konev and S. Schulz",
  publisher = "CEUR-WS.org"
}

@inproceedings{BRSS:eshol:08,
  author = "C. Benzm{\"u}ller and F. Rabe and C. Sch{\"u}rmann and G. Sutcliffe",
  title = "{Evaluation of Systems for Higher-order Logic (ESHOL)}",
  year = "2008",
  pages = "22--23",
  booktitle = "Workshop on Practical Aspects of Automated Reasoning at IJCAR 2008",
  editor = "B. Konev and R. Schmidt and S. Schulz",
  publisher = "CEUR-WS.org"
}

@inproceedings{LMR:flyspeck:08,
  author = "C. Lange and S. McLaughlin and F. Rabe",
  title = "{Flyspeck in a Semantic Wiki}",
  year = "2008",
  pages = "67--81",
  booktitle = "Semantic Wiki Workshop",
  editor = "C. Lange and S. Schaffert and H. Skaf-Molli and M. V{\"o}lkel",
  publisher = "CEUR-WS.org"
}

@inproceedings{KMR:presentation:08,
  author = "M. Kohlhase and C. M{\"u}ller and F. Rabe",
  title = "{Notations for Living Mathematical Documents}",
  year = "2008",
  pages = "504--519",
  booktitle = "Mathematical Knowledge Management",
  editor = "S. Autexier and J. Campbell and J. Rubio and V. Sorge and M. Suzuki and F. Wiedijk",
  publisher = "Springer"
}

@misc{agapie:bsc,
  author = "E. Agapie",
  title = "{Representing Functors in a Web-Scalable Module System}",
  year = "2008",
  note = "Bachelor's thesis, Jacobs University Bremen",
  school = "Jacobs University Bremen"
}

@phdthesis{rabe:thesis:08,
  author = "F. Rabe",
  title = "{Representing Logics and Logic Translations}",
  year = "2008",
  note = "see \url{http://kwarc.info/frabe/Research/phdthesis.pdf}",
  school = "Jacobs University Bremen"
}

@phdthesis{rabe:summary:08,
  author = "F. Rabe",
  title = "{Representing Logics and Logic Translations (Summary)}",
  year = "2008",
  note = "see \url{http://kwarc.info/frabe/Research/phdthesis_summary.pdf}",
  school = "Jacobs University Bremen"
}

@unpublished{rabeEA:mmtlf:08,
  author = "F. Rabe and M. Kohlhase and F. Horozal",
  title = "{Scaling LF to the Web}",
  year = "2008"
}

@misc{project:mmt,
  author = "F. Rabe",
  title = "{The MMT System}",
  year = "2008",
  note = "see \url{https://svn.kwarc.info/repos/MMT/doc/html/index.html}"
}

@inproceedings{BRS:tptphol:08,
  author = "C. Benzm{\"u}ller and F. Rabe and G. Sutcliffe",
  title = "{THF0 -- The core of the TPTP Language for Higher-Order Logic}",
  year = "2008",
  pages = "491--506",
  booktitle = "4th International Joint Conference on Automated Reasoning",
  editor = "A. Armando and P. Baumgartner and G. Dowek",
  publisher = "Springer"
}

@inproceedings{SR:dfol_fol_abs:08,
  author = "K. Sojakova and F. Rabe",
  title = "{Translating Dependently-Typed Logic to First-Order Logic}",
  year = "2008",
  booktitle = "Workshop on Algebraic Development Techniques",
  editor = "A. Corradini and U. Montanari"
}

@misc{sojakova:bsc,
  author = "K. Sojakova",
  title = "{Translating Dependently-Typed Logic to First-Order Logic}",
  year = "2008",
  note = "Bachelor's thesis, Jacobs University Bremen",
  school = "Jacobs University Bremen"
}

@article{GMPRS:catlog:07,
  author = "J. Goguen and T. Mossakowski and V. {de Paiva} and F. Rabe and L. Schr{\"o}der",
  title = "{An Institutional View on Categorical Logic}",
  year = "2007",
  pages = "129--152",
  journal = "International Journal of Software and Informatics",
  volume = "1",
  number = "1"
}

@misc{rabeEA:catlogspecs:07,
  author = "F. Rabe and V. {de Paiva} and T. Mossakowski",
  title = "{Categorical Logic Specifications}",
  year = "2007",
  note = "see \url{http://kwarc.eecs.iu-bremen.de/frabe/Research/catlog}"
}

@misc{rabe:drafts,
  author = "F. Rabe",
  title = "{Homepage}",
  year = "2007",
  note = "see \url{http://kwarc.info/frabe/}"
}

@inproceedings{rabe:graphs:07,
  author = "F. Rabe",
  title = "{OMDoc Theory Graphs Revisited}",
  year = "2007",
  booktitle = "Proceedings of the OpenMath/JEM workshop"
}

@inproceedings{rabeEA:elisions:07,
  author = "M. Kohlhase and C. Lange and F. Rabe",
  title = "{Presenting Mathematical Content with Flexible Elisions}",
  year = "2007",
  booktitle = "Proceedings of the OpenMath/JEM workshop"
}

@article{RPSS:moloss:07,
  author = "F. Rabe and P. Pudl{\'a}k and G. Sutcliffe and W. Shen",
  title = "{Solving the \$100 Modal Logic Challenge}",
  year = "2007",
  pages = "113--130",
  journal = "Journal of Applied Logic",
  volume = "7",
  number = "1"
}

@inproceedings{rabe:dfol:06,
  author = "F. Rabe",
  title = "{First-Order Logic with Dependent Types}",
  year = "2006",
  pages = "377--391",
  booktitle = "Automated Reasoning",
  editor = "N. Shankar and U. Furbach",
  publisher = "Springer"
}

@inproceedings{rabe:moloss:06,
  author = "F. Rabe",
  title = "{Towards Determining the Subset Relation between Propositional Modal Logics}",
  year = "2006",
  pages = "126--140",
  booktitle = "Proceedings of the FLoC 06 Workshop on Empirically Successful Computerized Reasoning, 3rd International Joint Conference on Automated Reasoning",
  editor = "G. Sutcliffe and R. Schmidt and S. Schulz",
  publisher = "CEUR-WS.org"
}

@inproceedings{rabeEA:promela1:05,
  author = "F. Rabe and S. Schlager and P. Schmitt",
  title = "{A Sequent Calculus for a First-order Dynamic Logic with Trace Modalities for Promela$^+$}",
  year = "2005",
  booktitle = "Proceedings of the 17th Nordic Workshop on Programming Theory"
}

@inproceedings{rabeEA:promela:05,
  author = "F. Rabe and S. Schlager and P. Schmitt",
  title = "{A Sequent Calculus for a First-order Dynamic Logic with Trace Modalities for Promela$^+$}",
  year = "2005",
  pages = "21--27",
  booktitle = "Short Paper Proceedings of the International Conference on Logic for Programming, Artificial Intelligence, and Reasoning"
}

@mastersthesis{rabe:thesis:04,
  author = "F. Rabe",
  title = "{A Dynamic Logic with Temporal Operators for Promela}",
  year = "2004",
  school = "Universit{\"a}t Karlsruhe, Germany"
}

