@STRING{epmessage = "put local bibs here"}
