@misc{17PonsSD82,
	Author = {Pons, V},
	Title = {Report on Women in Sage},
	Journal = {OpenDreamKit blog},
	Note = {\url{https://opendreamkit.org/2017/04/06/WomenInSage//}}

}