@misc{lmfdbapi,
  title = {LMFDB - API},
  howpublished = {\url{http://www.lmfdb.org/api/}},
  note = {visited on: 09/17/2017},
  key = {lmapi}
}
@inproceedings{ColtonBW00,
  author    = {Simon Colton and
               Alan Bundy and
               Toby Walsh},
  title     = {Automatic Invention of Integer Sequences},
  booktitle = {{AAAI/IAAI}},
  pages     = {558--563},
  publisher = {{AAAI} Press / The {MIT} Press},
  year      = {2000}
}

@inproceedings{packrat,
 author = {Ford, Bryan},
 title = {Packrat Parsing:: Simple, Powerful, Lazy, Linear Time, Functional Pearl},
 booktitle = {Proceedings of the Seventh ACM SIGPLAN International Conference on Functional Programming},
 series = {ICFP '02},
 year = {2002},
 isbn = {1-58113-487-8},
 location = {Pittsburgh, PA, USA},
 pages = {36--47},
 numpages = {12},
 url = {http://doi.acm.org/10.1145/581478.581483},
 doi = {10.1145/581478.581483},
 acmid = {581483},
 publisher = {ACM},
 address = {New York, NY, USA},
 keywords = {Haskell, backtracking, lexical analysis, memoization, parser combinators, scannerless parsing, top-down
parsing},
}


@Article{davis,
    Author = {Martin {Davis}},
    Title = {{Hilbert's tenth problem is unsolvable.}},
    FJournal = {{American Mathematical Monthly}},
    Journal = {{Am. Math. Mon.}},
    ISSN = {0002-9890},
    Volume = {80},
    Pages = {233--269},
    Year = {1973},
    Publisher = {Mathematical Association of America (MAA), Washington, DC},
    Language = {English},
    DOI = {10.2307/2318447},
    MSC2010 = {03D80 03B25 11D99 11U05 03-02 11-02 03-03},
    Zbl = {0277.02008}
}

@inproceedings{ranta,
  author    = {Marcos Cramer and
               Peter Koepke and
               Bernhard Schr{\"{o}}der},
  title     = {Parsing and Disambiguation of Symbolic Mathematics in the Naproche
               System},
  booktitle = {Intelligent Computer Mathematics - 18th Symposium, Calculemus 2011,
               and 10th International Conference, {MKM} 2011, Bertinoro, Italy, July
               18-23, 2011. Proceedings},
  pages     = {180--195},
  year      = {2011},
  crossref  = {DBLP:conf/mkm/2011},
  url       = {http://dx.doi.org/10.1007/978-3-642-22673-1_13},
  doi       = {10.1007/978-3-642-22673-1_13},
  timestamp = {Wed, 10 Aug 2011 16:26:26 +0200},
  biburl    = {http://dblp.uni-trier.de/rec/bib/conf/mkm/CramerKS11},
  bibsource = {dblp computer science bibliography, http://dblp.org}
}

@Misc{oeis-help,
  title = {OEIS Help},
  author = {OEIS},
  howpublished = "\url{http://oeis.org/oeishelp1.html}",
  year = 2016
}

@inproceedings{DBLP:conf/lwa/LuzhnicaIK15,
  author    = {Enxhell Luzhnica and
               Mihnea Iancu and
               Michael Kohlhase},
  title     = {Importing the {OEIS} Library Into OMDoc},
  booktitle = {{LWA}},
  series    = {{CEUR} Workshop Proceedings},
  volume    = {1458},
  pages     = {296--303},
  publisher = {CEUR-WS.org},
  year      = {2015}
}

@inproceedings{DBLP:conf/icms/LuzhnicaK16,
  author    = {Enxhell Luzhnica and
               Michael Kohlhase},
  title     = {Formula Semantification and Automated Relation Finding in the On-Line
               Encyclopedia for Integer Sequences},
  booktitle = {Mathematical Software - {ICMS} 2016 - 5th International Conference,
               Berlin, Germany, July 11-14, 2016, Proceedings},
  pages     = {467--475},
  year      = {2016},
  crossref  = {DBLP:conf/icms/2016},
  url       = {http://dx.doi.org/10.1007/978-3-319-42432-3_60},
  doi       = {10.1007/978-3-319-42432-3_60},
  timestamp = {Fri, 08 Jul 2016 09:21:49 +0200},
  biburl    = {http://dblp.uni-trier.de/rec/bib/conf/icms/LuzhnicaK16},
  bibsource = {dblp computer science bibliography, http://dblp.org}
}

@Misc{oeis-fib,
  author = {The OEIS Foundation Inc.},
  title = {Fibonacci Numbers, The On-Line Encyclopedia of Integer Sequences},
  howpublished = "\url{http://oeis.org/A000045}",
  year = 2015
}

@Misc{oeis-accepted-1,
  author = {Enxhell Luzhnica},
  title = {Relation between A001787 and A007283},
  howpublished = "\url{https://oeis.org/A001787}"
}

@Misc{oeis-accepted-2,
  author = {Enxhell Luzhnica},
  title = {Relation between A007283 and A049347, A049347, A000420},
  howpublished = "\url{https://oeis.org/A007283}"
}

@Misc{Ralf,
  author = {Ralf Stephan},
  title = {Prove or Disprove 100 Conjectures From The OEIS},
  howpublished = "\url{http://arxiv.org/pdf/math/0409509v4.pdf}",
  year=2004
}

@Misc{Peter,
  author = {Peter Liu},
  title = {Master thesis essay},
  howpublished = "\url{https://cs.uwaterloo.ca/~shallit/peter-liu-masters.pdf}",
  year=1994
}

@Book{handbook-is,
  author = {{N.J. A. Sloane}},
  title = {A Handbook of Integer Sequences},
  year = 1973,
  publisher = {Academic Press},
}

@Book{encyc-is,
  author = {{N.J. A. Sloane} and {Simon Plouffe}},
  title = {The Encyclopedia of Integer Sequences},
  year = 1995,
  publisher = {Academic Press},
}

@Misc{oeis-paper,
  title = {An On-Line Version of the Encyclopedia of Integer Sequences},
  author = {{N. J. A. Sloane}},
  year = 1994,
  howpublished = "\url{http://www3.combinatorics.org/Volume_1/PDF/v1i1f1.pdf}",
}

@Misc{oeis-paper2,
  title = {The On-Line Encyclopedia of Integer Sequences},
  author = {{N. J. A. Sloane}},
  year = 2012,
  howpublished = "\url{http://neilsloane.com/doc/eger.pdf}",
 }


@Misc{RalfUpdates,
  author = {Ralf Stephan},
  title = {State of 100 Conjectures From The OEIS},
  howpublished = "\url{http://www.ark.in-berlin.de/conj.txt}",
  year=2004
}

@incollection{DBLP:books/el/RV01/BaaderS01,
  author    = {Franz Baader and
               Wayne Snyder},
  title     = {Unification Theory},
  booktitle = {Handbook of Automated Reasoning (in 2 volumes)},
  pages     = {445--532},
  year      = {2001},
  crossref  = {DBLP:books/el/RobinsonV01},
  timestamp = {Thu, 03 Jan 2002 11:51:18 +0100},
  biburl    = {http://dblp.uni-trier.de/rec/bib/books/el/RV01/BaaderS01},
  bibsource = {dblp computer science bibliography, http://dblp.org}
}

@book{DBLP:books/el/RobinsonV01,
  editor    = {John Alan Robinson and
               Andrei Voronkov},
  title     = {Handbook of Automated Reasoning (in 2 volumes)},
  publisher = {Elsevier and {MIT} Press},
  year      = {2001},
  isbn      = {0-444-50813-9},
  timestamp = {Thu, 03 Jan 2002 11:51:18 +0100},
  biburl    = {http://dblp.uni-trier.de/rec/bib/books/el/RobinsonV01},
  bibsource = {dblp computer science bibliography, http://dblp.org}
}


@inproceedings{MRLR:alignments:17,
  author = "D. M{\"u}ller and C. Rothgang and Y. Liu and F. Rabe",
  title = "{Alignment-based Translations Across Formal Systems Using Interface Theories}",
  year = "2017",
  pages = "77--93",
  booktitle = "Proof eXchange for Theorem Proving",
  editor = "C. Dubois and B. {Woltzenlogel Paleo}",
  publisher = "Open Publishing Association"
}